@inproceedings{OverwijkXC22,
  author    = {Arnold Overwijk and Chenyan Xiong and Jamie Callan},
  editor    = {Enrique Amig{\'{o}} and Pablo Castells and Julio Gonzalo and Ben Carterette and J. Shane Culpepper and Gabriella Kazai},
  title     = {ClueWeb22: 10 Billion Web Documents with Rich Information},
  booktitle = {{SIGIR} '22: The 45th International {ACM} {SIGIR} Conference on Research and Development in Information Retrieval, Madrid, Spain, July 11 - 15, 2022},
  pages     = {3360--3362},
  publisher = {{ACM}},
  year      = {2022},
  doi       = {10.1145/3477495.3536321},
}
